<?xml version="1.0" encoding="UTF-8"?><collection xmlns="http://www.loc.gov/MARC21/slim"><record><leader>00334nam--2200121-i-4500</leader><controlfield tag="001">000033430</controlfield><controlfield tag="002">20161230</controlfield><controlfield tag="005">20161230201039</controlfield><controlfield tag="008">060222s1000------------r-----000-0-eng-d</controlfield><datafield ind1=" " ind2=" " tag="100"><subfield code="a">Maron, Samuel</subfield></datafield><datafield ind1=" " ind2=" " tag="245"><subfield code="a">Prutton, carl</subfield></datafield><datafield ind1=" " ind2=" " tag="260"><subfield code="a">Principles Of Physical Chemistry. Third Edition</subfield></datafield><datafield ind1=" " ind2=" " tag="490"><subfield code="a">New York, The Macmillan Co., 1958. Viii+789p</subfield></datafield></record></collection>